<?xml version="1.0" encoding="UTF-8"?><collection xmlns="http://www.loc.gov/MARC21/slim"><record><leader>00340nam--2200133-i-4500</leader><controlfield tag="001">000044082</controlfield><controlfield tag="002">20161230</controlfield><controlfield tag="005">20161230201044</controlfield><controlfield tag="008">060222s1000------------r-----000-0-eng-d</controlfield><datafield ind1=" " ind2=" " tag="080"><subfield code="a">519.2</subfield></datafield><datafield ind1=" " ind2=" " tag="100"><subfield code="a">Teodorescu, N</subfield></datafield><datafield ind1=" " ind2=" " tag="245"><subfield code="a">Curs de ecuatii diferentiale si functionale. partea 11</subfield></datafield><datafield ind1=" " ind2=" " tag="260"><subfield code="a">Bucuresti, /F.Ed./ 1949, 168p</subfield></datafield><datafield ind1=" " ind2=" " tag="852"><subfield code="a">47790</subfield></datafield></record></collection>